@article {MR3710698,
    AUTHOR = {Huang, Tianxiao and Huang, Shanlin and Zheng, Quan},
     TITLE = {Inhomogeneous oscillatory integrals and global smoothing
              effects for dispersive equations},
   JOURNAL = {J. Differential Equations},
  FJOURNAL = {Journal of Differential Equations},
    VOLUME = {263},
      YEAR = {2017},
    NUMBER = {12},
     PAGES = {8606--8629},
      ISSN = {0022-0396},
   MRCLASS = {35G10 (35B41 35B45)},
  MRNUMBER = {3710698},
MRREVIEWER = {Yuhong Li},
       DOI = {10.1016/j.jde.2017.08.053},
       URL = {https://doi.org/10.1016/j.jde.2017.08.053},
}



@article {MR2275387,
    AUTHOR = {Cui, Shangbin},
     TITLE = {Pointwise estimates for oscillatory integrals and related
              {$L^p$}-{$L^q$} estimates. {II}. {M}ultidimensional case},
   JOURNAL = {J. Fourier Anal. Appl.},
  FJOURNAL = {The Journal of Fourier Analysis and Applications},
    VOLUME = {12},
      YEAR = {2006},
    NUMBER = {6},
     PAGES = {605--627},
      ISSN = {1069-5869},
   MRCLASS = {42B99 (35B45 35G05 42A45 42B25)},
  MRNUMBER = {2275387},
MRREVIEWER = {Vladimir P. Burski\u{\i}},
       DOI = {10.1007/s00041-005-5025-6},
       URL = {https://doi.org/10.1007/s00041-005-5025-6},
}
		

@article {dodson,
    AUTHOR = {Dodson, Benjamin and L\"{u}hrmann, Jonas and Mendelson, Dana},
     TITLE = {Almost sure local well-posedness and scattering for the 4{D}
              cubic nonlinear {S}chr\"{o}dinger equation},
   JOURNAL = {Adv. Math.},
  FJOURNAL = {Advances in Mathematics},
    VOLUME = {347},
      YEAR = {2019},
     PAGES = {619--676},
      ISSN = {0001-8708},
   MRCLASS = {35Q55 (35B30 35P25)},
  MRNUMBER = {3920835},
MRREVIEWER = {Pascal B\'{e}gout},
       DOI = {10.1016/j.aim.2019.02.001},
       URL = {https://doi.org/10.1016/j.aim.2019.02.001},
}


@article {bop1,
    AUTHOR = {B\'{e}nyi, \'{A}rp\'{a}d and Oh, Tadahiro and Pocovnicu, Oana},
     TITLE = {On the probabilistic {C}auchy theory of the cubic nonlinear
              {S}chr\"{o}dinger equation on {$\Bbb{R}^d$}, {$d\geq3$}},
   JOURNAL = {Trans. Amer. Math. Soc. Ser. B},
  FJOURNAL = {Transactions of the American Mathematical Society. Series B},
    VOLUME = {2},
      YEAR = {2015},
     PAGES = {1--50},
   MRCLASS = {35Q55 (35B30)},
  MRNUMBER = {3350022},
MRREVIEWER = {Wolf-Patrick D\"{u}ll},
       DOI = {10.1090/btran/6},
       URL = {https://doi.org/10.1090/btran/6},
}

@article {bop2,
    AUTHOR = {B\'{e}nyi, \'{A}rp\'{a}d and Oh, Tadahiro and Pocovnicu, Oana},
     TITLE = {Higher order expansions for the probabilistic local {C}auchy
              theory of the cubic nonlinear {S}chr\"{o}dinger equation on
              {$\Bbb{R}^3$}},
   JOURNAL = {Trans. Amer. Math. Soc. Ser. B},
  FJOURNAL = {Transactions of the American Mathematical Society. Series B},
    VOLUME = {6},
      YEAR = {2019},
     PAGES = {114--160},
   MRCLASS = {35Q55 (35B30 35R60)},
  MRNUMBER = {3919013},
MRREVIEWER = {Felipe Linares},
       DOI = {10.1090/btran/29},
       URL = {https://doi.org/10.1090/btran/29},
}

@article {ionescu1,
    AUTHOR = {Ionescu, Alexandru D. and Kenig, Carlos E.},
     TITLE = {Low-regularity {S}chr\"{o}dinger maps},
   JOURNAL = {Differential Integral Equations},
  FJOURNAL = {Differential and Integral Equations. An International Journal
              for Theory \& Applications},
    VOLUME = {19},
      YEAR = {2006},
    NUMBER = {11},
     PAGES = {1271--1300},
      ISSN = {0893-4983},
   MRCLASS = {35Q55 (35B30)},
  MRNUMBER = {2278007},
MRREVIEWER = {Atanas G. Stefanov},
}

@article {ionescu2,
    AUTHOR = {Ionescu, Alexandru D. and Kenig, Carlos E.},
     TITLE = {Low-regularity {S}chr\"{o}dinger maps. {II}. {G}lobal
              well-posedness in dimensions {$d\geq 3$}},
   JOURNAL = {Comm. Math. Phys.},
  FJOURNAL = {Communications in Mathematical Physics},
    VOLUME = {271},
      YEAR = {2007},
    NUMBER = {2},
     PAGES = {523--559},
      ISSN = {0010-3616},
   MRCLASS = {35Q55 (35B30)},
  MRNUMBER = {2287916},
MRREVIEWER = {Atanas G. Stefanov},
       DOI = {10.1007/s00220-006-0180-4},
       URL = {https://doi.org/10.1007/s00220-006-0180-4},
}

@article {MR2425133,
    AUTHOR = {Burq, Nicolas and Tzvetkov, Nikolay},
     TITLE = {Random data {C}auchy theory for supercritical wave equations.
              {I}. {L}ocal theory},
   JOURNAL = {Invent. Math.},
  FJOURNAL = {Inventiones Mathematicae},
    VOLUME = {173},
      YEAR = {2008},
    NUMBER = {3},
     PAGES = {449--475},
      ISSN = {0020-9910},
   MRCLASS = {58J45 (35A07 35L70 35Q55)},
  MRNUMBER = {2425133},
MRREVIEWER = {Michael J. Goldberg},
       DOI = {10.1007/s00222-008-0124-z},
       URL = {https://doi.org/10.1007/s00222-008-0124-z},
}


@article {tzvetkov,
    AUTHOR = {Tzvetkov, N.},
     TITLE = {Construction of a {G}ibbs measure associated to the periodic
              {B}enjamin-{O}no equation},
   JOURNAL = {Probab. Theory Related Fields},
  FJOURNAL = {Probability Theory and Related Fields},
    VOLUME = {146},
      YEAR = {2010},
    NUMBER = {3-4},
     PAGES = {481--514},
      ISSN = {0178-8051},
   MRCLASS = {35Q53 (35B10 37K10 60G15 76M35 82B05)},
  MRNUMBER = {2574736},
MRREVIEWER = {Muthusamy Lakshmanan},
       DOI = {10.1007/s00440-008-0197-z},
       URL = {https://doi.org/10.1007/s00440-008-0197-z},
}


@article {MR3852677,
    AUTHOR = {Dinh, Van Duong},
     TITLE = {On well-posedness, regularity and ill-posedness for the
              nonlinear fourth-order {S}chr\"{o}dinger equation},
   JOURNAL = {Bull. Belg. Math. Soc. Simon Stevin},
  FJOURNAL = {Bulletin of the Belgian Mathematical Society. Simon Stevin},
    VOLUME = {25},
      YEAR = {2018},
    NUMBER = {3},
     PAGES = {415--437},
      ISSN = {1370-1444},
   MRCLASS = {35Q55 (35B30 35G20 35G25)},
  MRNUMBER = {3852677},
       DOI = {10.36045/bbms/1536631236},
       URL = {https://doi.org/10.36045/bbms/1536631236},
}

@article {MR2787438,
    AUTHOR = {Cho, Yonggeun and Ozawa, Tohru and Xia, Suxia},
     TITLE = {Remarks on some dispersive estimates},
   JOURNAL = {Commun. Pure Appl. Anal.},
  FJOURNAL = {Communications on Pure and Applied Analysis},
    VOLUME = {10},
      YEAR = {2011},
    NUMBER = {4},
     PAGES = {1121--1128},
      ISSN = {1534-0392},
   MRCLASS = {42B37 (33C10 35Q40 35S10)},
  MRNUMBER = {2787438},
MRREVIEWER = {Michael A. Perelmuter},
       DOI = {10.3934/cpaa.2011.10.1121},
       URL = {https://doi.org/10.3934/cpaa.2011.10.1121},
}



@article {MR1151250,
    AUTHOR = {Ginibre, J. and Velo, G.},
     TITLE = {Smoothing properties and retarded estimates for some
              dispersive evolution equations},
   JOURNAL = {Comm. Math. Phys.},
  FJOURNAL = {Communications in Mathematical Physics},
    VOLUME = {144},
      YEAR = {1992},
    NUMBER = {1},
     PAGES = {163--188},
      ISSN = {0010-3616},
   MRCLASS = {35K22 (34G10 35B65 35Qxx)},
  MRNUMBER = {1151250},
MRREVIEWER = {Hartmut Pecher},
       URL = {http://projecteuclid.org/euclid.cmp/1104249221},
}

@article {MR1646048,
    AUTHOR = {Keel, Markus and Tao, Terence},
     TITLE = {Endpoint {S}trichartz estimates},
   JOURNAL = {Amer. J. Math.},
  FJOURNAL = {American Journal of Mathematics},
    VOLUME = {120},
      YEAR = {1998},
    NUMBER = {5},
     PAGES = {955--980},
      ISSN = {0002-9327},
   MRCLASS = {35B45 (35L70 35Q55)},
  MRNUMBER = {1646048},
MRREVIEWER = {John Albert},
       URL =
              {http://muse.jhu.edu/journals/american_journal_of_mathematics/v120/120.5keel.pdf},
}

@article {MR1779828,
    AUTHOR = {Karpman, V. I. and Shagalov, A. G.},
     TITLE = {Stability of solitons described by nonlinear
              {S}chr\"{o}dinger-type equations with higher-order dispersion},
   JOURNAL = {Phys. D},
  FJOURNAL = {Physica D. Nonlinear Phenomena},
    VOLUME = {144},
      YEAR = {2000},
    NUMBER = {1-2},
     PAGES = {194--210},
      ISSN = {0167-2789},
   MRCLASS = {35Q51 (35B35 35Q55 37K40)},
  MRNUMBER = {1779828},
       DOI = {10.1016/S0167-2789(00)00078-6},
       URL = {https://doi.org/10.1016/S0167-2789(00)00078-6},
}

@article {MR1372681,
    AUTHOR = {Karpman, V. I.},
     TITLE = {Stabilization of soliton instabilities by higher order
              dispersion: {K}d{V}-type equations},
   JOURNAL = {Phys. Lett. A},
  FJOURNAL = {Physics Letters. A},
    VOLUME = {210},
      YEAR = {1996},
    NUMBER = {1-2},
     PAGES = {77--84},
      ISSN = {0375-9601},
   MRCLASS = {35Q53 (35B35)},
  MRNUMBER = {1372681},
       DOI = {10.1016/0375-9601(95)00752-0},
       URL = {https://doi.org/10.1016/0375-9601(95)00752-0},
}

@book {MR2002047,
    AUTHOR = {Cazenave, Thierry},
     TITLE = {Semilinear {S}chr\"{o}dinger equations},
    SERIES = {Courant Lecture Notes in Mathematics},
    VOLUME = {10},
 PUBLISHER = {New York University, Courant Institute of Mathematical
              Sciences, New York; American Mathematical Society, Providence,
              RI},
      YEAR = {2003},
     PAGES = {xiv+323},
      ISBN = {0-8218-3399-5},
   MRCLASS = {35Q55 (35-01 35J10 35Q40)},
  MRNUMBER = {2002047},
MRREVIEWER = {Woodford W. Zachary},
       DOI = {10.1090/cln/010},
       URL = {https://doi.org/10.1090/cln/010},
}

@article {MR1055532,
    AUTHOR = {Cazenave, Thierry and Weissler, Fred B.},
     TITLE = {The {C}auchy problem for the critical nonlinear {S}chr\"{o}dinger
              equation in {$H^s$}},
   JOURNAL = {Nonlinear Anal.},
  FJOURNAL = {Nonlinear Analysis. Theory, Methods \& Applications. An
              International Multidisciplinary Journal},
    VOLUME = {14},
      YEAR = {1990},
    NUMBER = {10},
     PAGES = {807--836},
      ISSN = {0362-546X},
   MRCLASS = {35Q55 (45K05)},
  MRNUMBER = {1055532},
MRREVIEWER = {Victor V. Zharinov},
       DOI = {10.1016/0362-546X(90)90023-A},
       URL = {https://doi.org/10.1016/0362-546X(90)90023-A},
}

@article {MR2415387,
    AUTHOR = {Colliander, J. and Keel, M. and Staffilani, G. and Takaoka, H.
              and Tao, T.},
     TITLE = {Global well-posedness and scattering for the energy-critical
              nonlinear {S}chr\"{o}dinger equation in {$\Bbb R^3$}},
   JOURNAL = {Ann. of Math. (2)},
  FJOURNAL = {Annals of Mathematics. Second Series},
    VOLUME = {167},
      YEAR = {2008},
    NUMBER = {3},
     PAGES = {767--865},
      ISSN = {0003-486X},
   MRCLASS = {35Q55 (35B30 35P25)},
  MRNUMBER = {2415387},
MRREVIEWER = {Tohru Ozawa},
       DOI = {10.4007/annals.2008.167.767},
       URL = {https://doi.org/10.4007/annals.2008.167.767},
}

@article {MR2288737,
    AUTHOR = {Ryckman, E. and Visan, M.},
     TITLE = {Global well-posedness and scattering for the defocusing
              energy-critical nonlinear {S}chr\"{o}dinger equation in {$\Bbb
              R^{1+4}$}},
   JOURNAL = {Amer. J. Math.},
  FJOURNAL = {American Journal of Mathematics},
    VOLUME = {129},
      YEAR = {2007},
    NUMBER = {1},
     PAGES = {1--60},
      ISSN = {0002-9327},
   MRCLASS = {35Q55 (35B30 35B33 35J55 35P25)},
  MRNUMBER = {2288737},
MRREVIEWER = {Tohru Ozawa},
       DOI = {10.1353/ajm.2007.0004},
       URL = {https://doi.org/10.1353/ajm.2007.0004},
}
	

@article {MR2353631,
    AUTHOR = {Pausader, Benoit},
     TITLE = {Global well-posedness for energy critical fourth-order
              {S}chr\"{o}dinger equations in the radial case},
   JOURNAL = {Dyn. Partial Differ. Equ.},
  FJOURNAL = {Dynamics of Partial Differential Equations},
    VOLUME = {4},
      YEAR = {2007},
    NUMBER = {3},
     PAGES = {197--225},
      ISSN = {1548-159X},
   MRCLASS = {35Q55 (35B25 35B30)},
  MRNUMBER = {2353631},
MRREVIEWER = {Alessio Pomponio},
       DOI = {10.4310/DPDE.2007.v4.n3.a1},
       URL = {https://doi.org/10.4310/DPDE.2007.v4.n3.a1},
}
		
@article {MR2746203,
    AUTHOR = {Pausader, Benoit and Shao, Shuanglin},
     TITLE = {The mass-critical fourth-order {S}chr\"{o}dinger equation in high
              dimensions},
   JOURNAL = {J. Hyperbolic Differ. Equ.},
  FJOURNAL = {Journal of Hyperbolic Differential Equations},
    VOLUME = {7},
      YEAR = {2010},
    NUMBER = {4},
     PAGES = {651--705},
      ISSN = {0219-8916},
   MRCLASS = {35Q55 (35B30 35P25)},
  MRNUMBER = {2746203},
MRREVIEWER = {Jacopo Bellazzini},
       DOI = {10.1142/S0219891610002256},
       URL = {https://doi.org/10.1142/S0219891610002256},
}

@article{christ2003ill,
  title={Ill-posedness for nonlinear Schrodinger and wave equations},
  author={Christ, Michael and Colliander, James and Tao, Terence},
  journal={arXiv preprint math/0311048},
  year={2003}
}
		

	

@article {MR1309539,
    AUTHOR = {Bourgain, J.},
     TITLE = {Periodic nonlinear {S}chr\"{o}dinger equation and invariant
              measures},
   JOURNAL = {Comm. Math. Phys.},
  FJOURNAL = {Communications in Mathematical Physics},
    VOLUME = {166},
      YEAR = {1994},
    NUMBER = {1},
     PAGES = {1--26},
      ISSN = {0010-3616},
   MRCLASS = {35Q55 (35B10 35Q53)},
  MRNUMBER = {1309539},
MRREVIEWER = {Elaine Machtyngier},
       URL = {http://projecteuclid.org/euclid.cmp/1104271501},
}

@article {MR1374420,
    AUTHOR = {Bourgain, Jean},
     TITLE = {Invariant measures for the {$2$}{D}-defocusing nonlinear
              {S}chr\"{o}dinger equation},
   JOURNAL = {Comm. Math. Phys.},
  FJOURNAL = {Communications in Mathematical Physics},
    VOLUME = {176},
      YEAR = {1996},
    NUMBER = {2},
     PAGES = {421--445},
      ISSN = {0010-3616},
   MRCLASS = {35Q55 (82B10)},
  MRNUMBER = {1374420},
MRREVIEWER = {Tohru Ozawa},
       URL = {http://projecteuclid.org/euclid.cmp/1104286005},
}


@article {MR939505,
    AUTHOR = {Lebowitz, Joel L. and Rose, Harvey A. and Speer, Eugene R.},
     TITLE = {Statistical mechanics of the nonlinear {S}chr\"{o}dinger equation},
   JOURNAL = {J. Statist. Phys.},
  FJOURNAL = {Journal of Statistical Physics},
    VOLUME = {50},
      YEAR = {1988},
    NUMBER = {3-4},
     PAGES = {657--687},
      ISSN = {0022-4715},
   MRCLASS = {82A05 (35Q20 82A45)},
  MRNUMBER = {939505},
MRREVIEWER = {Gerhard C. Hegerfeldt},
       DOI = {10.1007/BF01026495},
       URL = {https://doi.org/10.1007/BF01026495},
}


@article {MR4236191,
    AUTHOR = {Deng, Yu and Nahmod, Andrea R. and Yue, Haitian},
     TITLE = {Invariant {G}ibbs measure and global strong solutions for the
              {H}artree {NLS} equation in dimension three},
   JOURNAL = {J. Math. Phys.},
  FJOURNAL = {Journal of Mathematical Physics},
    VOLUME = {62},
      YEAR = {2021},
    NUMBER = {3},
     PAGES = {Paper No. 031514, 39},
      ISSN = {0022-2488},
   MRCLASS = {35Q55 (81T08)},
  MRNUMBER = {4236191},
       DOI = {10.1063/5.0045062},
       URL = {https://doi.org/10.1063/5.0045062},
}

@article {MR2425134,
    AUTHOR = {Burq, Nicolas and Tzvetkov, Nikolay},
     TITLE = {Random data {C}auchy theory for supercritical wave equations.
              {II}. {A} global existence result},
   JOURNAL = {Invent. Math.},
  FJOURNAL = {Inventiones Mathematicae},
    VOLUME = {173},
      YEAR = {2008},
    NUMBER = {3},
     PAGES = {477--496},
      ISSN = {0020-9910},
   MRCLASS = {58J45 (35Q55 37L55 81Q20)},
  MRNUMBER = {2425134},
       DOI = {10.1007/s00222-008-0123-0},
       URL = {https://doi.org/10.1007/s00222-008-0123-0},
}

@article {MR4312285,
    AUTHOR = {Sy, Mouhamadou},
     TITLE = {Almost sure global well-posedness for the energy supercritical
              {S}chr\"{o}dinger equations},
   JOURNAL = {J. Math. Pures Appl. (9)},
  FJOURNAL = {Journal de Math\'{e}matiques Pures et Appliqu\'{e}es. Neuvi\`eme S\'{e}rie},
    VOLUME = {154},
      YEAR = {2021},
     PAGES = {108--145},
      ISSN = {0021-7824},
   MRCLASS = {35Q55 (28D05 35R60 37L50 60H15 60H30)},
  MRNUMBER = {4312285},
       DOI = {10.1016/j.matpur.2021.08.002},
       URL = {https://doi.org/10.1016/j.matpur.2021.08.002},
}

@article {MR3237443,
    AUTHOR = {Burq, Nicolas and Thomann, Laurent and Tzvetkov, Nikolay},
     TITLE = {Long time dynamics for the one dimensional non linear
              {S}chr\"{o}dinger equation},
   JOURNAL = {Ann. Inst. Fourier (Grenoble)},
  FJOURNAL = {Universit\'{e} de Grenoble. Annales de l'Institut Fourier},
    VOLUME = {63},
      YEAR = {2013},
    NUMBER = {6},
     PAGES = {2137--2198},
      ISSN = {0373-0956},
   MRCLASS = {35Q55 (35B30 35P25 37K05 37L50 82C05)},
  MRNUMBER = {3237443},
MRREVIEWER = {Tohru Ozawa},
       URL = {http://aif.cedram.org/item?id=AIF_2013__63_6_2137_0},
}

@article {MR3022846,
    AUTHOR = {Deng, Yu},
     TITLE = {Two-dimensional nonlinear {S}chr\"{o}dinger equation with random
              radial data},
   JOURNAL = {Anal. PDE},
  FJOURNAL = {Analysis \& PDE},
    VOLUME = {5},
      YEAR = {2012},
    NUMBER = {5},
     PAGES = {913--960},
      ISSN = {2157-5045},
   MRCLASS = {35Q55 (35B07 35B30 35R60 37K05 37L40 37L50)},
  MRNUMBER = {3022846},
MRREVIEWER = {Guanggan Chen},
       DOI = {10.2140/apde.2012.5.913},
       URL = {https://doi.org/10.2140/apde.2012.5.913},
}


@article {MR2569900,
    AUTHOR = {Thomann, Laurent},
     TITLE = {Random data {C}auchy problem for supercritical {S}chr\"{o}dinger
              equations},
   JOURNAL = {Ann. Inst. H. Poincar\'{e} Anal. Non Lin\'{e}aire},
  FJOURNAL = {Annales de l'Institut Henri Poincar\'{e}. Analyse Non Lin\'{e}aire},
    VOLUME = {26},
      YEAR = {2009},
    NUMBER = {6},
     PAGES = {2385--2402},
      ISSN = {0294-1449},
   MRCLASS = {35Q55 (35D35 35R25 35R60)},
  MRNUMBER = {2569900},
MRREVIEWER = {Alexander A. Pankov},
       DOI = {10.1016/j.anihpc.2009.06.001},
       URL = {https://doi.org/10.1016/j.anihpc.2009.06.001},
}


@article{spitz2021almost,
  title={Almost sure local wellposedness and scattering for the energy-critical cubic nonlinear Schr$\backslash$" odinger equation with supercritical data},
  author={Spitz, Martin},
  journal={arXiv preprint arXiv:2110.11051},
  year={2021}
}


@article {MR2425133,
    AUTHOR = {Burq, Nicolas and Tzvetkov, Nikolay},
     TITLE = {Random data {C}auchy theory for supercritical wave equations.
              {I}. {L}ocal theory},
   JOURNAL = {Invent. Math.},
  FJOURNAL = {Inventiones Mathematicae},
    VOLUME = {173},
      YEAR = {2008},
    NUMBER = {3},
     PAGES = {449--475},
      ISSN = {0020-9910},
   MRCLASS = {58J45 (35A07 35L70 35Q55)},
  MRNUMBER = {2425133},
MRREVIEWER = {Michael J. Goldberg},
       DOI = {10.1007/s00222-008-0124-z},
       URL = {https://doi.org/10.1007/s00222-008-0124-z},
}




@article {MR3350022,
    AUTHOR = {B\'{e}nyi, \'{A}rp\'{a}d and Oh, Tadahiro and Pocovnicu, Oana},
     TITLE = {On the probabilistic {C}auchy theory of the cubic nonlinear
              {S}chr\"{o}dinger equation on {$\Bbb{R}^d$}, {$d\geq3$}},
   JOURNAL = {Trans. Amer. Math. Soc. Ser. B},
  FJOURNAL = {Transactions of the American Mathematical Society. Series B},
    VOLUME = {2},
      YEAR = {2015},
     PAGES = {1--50},
   MRCLASS = {35Q55 (35B30)},
  MRNUMBER = {3350022},
MRREVIEWER = {Wolf-Patrick D\"{u}ll},
       DOI = {10.1090/btran/6},
       URL = {https://doi.org/10.1090/btran/6},
}
		


@article {MR4214037,
    AUTHOR = {Dinh, Van Duong},
     TITLE = {Random data theory for the cubic fourth-order nonlinear
              {S}chr\"{o}dinger equation},
   JOURNAL = {Commun. Pure Appl. Anal.},
  FJOURNAL = {Communications on Pure and Applied Analysis},
    VOLUME = {20},
      YEAR = {2021},
    NUMBER = {2},
     PAGES = {651--680},
      ISSN = {1534-0392},
   MRCLASS = {35Q55 (35A01)},
  MRNUMBER = {4214037},
       DOI = {10.3934/cpaa.2020284},
       URL = {https://doi.org/10.3934/cpaa.2020284},
}

@article {MR3907746,
    AUTHOR = {Brereton, Justin T.},
     TITLE = {Almost sure local well-posedness for the supercritical quintic
              {NLS}},
   JOURNAL = {Tunis. J. Math.},
  FJOURNAL = {Tunisian Journal of Mathematics},
    VOLUME = {1},
      YEAR = {2019},
    NUMBER = {3},
     PAGES = {427--453},
      ISSN = {2576-7658},
   MRCLASS = {35Q55 (35B30 35R60)},
  MRNUMBER = {3907746},
MRREVIEWER = {Michael J. Goldberg},
       DOI = {10.2140/tunis.2019.1.427},
       URL = {https://doi.org/10.2140/tunis.2019.1.427},
}

@article{shen2021almost,
  title={Almost sure scattering for the nonradial energy-critical NLS with arbitrary regularity in 3D and 4D cases},
  author={Shen, Jia and Soffer, Avy and Wu, Yifei},
  journal={arXiv preprint arXiv:2111.11935},
  year={2021}
}


@article {MR2526409,
    AUTHOR = {Hadac, Martin and Herr, Sebastian and Koch, Herbert},
     TITLE = {Well-posedness and scattering for the {KP}-{II} equation in a
              critical space},
   JOURNAL = {Ann. Inst. H. Poincar\'{e} Anal. Non Lin\'{e}aire},
  FJOURNAL = {Annales de l'Institut Henri Poincar\'{e}. Analyse Non Lin\'{e}aire},
    VOLUME = {26},
      YEAR = {2009},
    NUMBER = {3},
     PAGES = {917--941},
      ISSN = {0294-1449},
   MRCLASS = {35Q53 (35B30 35P25)},
  MRNUMBER = {2526409},
MRREVIEWER = {Ming Mei},
       DOI = {10.1016/j.anihpc.2008.04.002},
       URL = {https://doi.org/10.1016/j.anihpc.2008.04.002},
}
	

@article {MR2824485,
    AUTHOR = {Herr, Sebastian and Tataru, Daniel and Tzvetkov, Nikolay},
     TITLE = {Global well-posedness of the energy-critical nonlinear
              {S}chr\"{o}dinger equation with small initial data in {$H^1(\Bbb
              T^3)$}},
   JOURNAL = {Duke Math. J.},
  FJOURNAL = {Duke Mathematical Journal},
    VOLUME = {159},
      YEAR = {2011},
    NUMBER = {2},
     PAGES = {329--349},
      ISSN = {0012-7094},
   MRCLASS = {35Q55 (35B30)},
  MRNUMBER = {2824485},
MRREVIEWER = {Matthew D. Blair},
       DOI = {10.1215/00127094-1415889},
       URL = {https://doi.org/10.1215/00127094-1415889},
}


@book {MR3618884,
    AUTHOR = {Koch, Herbert and Tataru, Daniel and Vi\c{s}an, Monica},
     TITLE = {Dispersive equations and nonlinear waves},
    SERIES = {Oberwolfach Seminars},
    VOLUME = {45},
      NOTE = {Generalized Korteweg-de Vries, nonlinear Schr\"{o}dinger, wave and
              Schr\"{o}dinger maps},
 PUBLISHER = {Birkh\"{a}user/Springer, Basel},
      YEAR = {2014},
     PAGES = {xii+312},
      ISBN = {978-3-0348-0735-7; 978-3-0348-0736-4},
   MRCLASS = {35-02 (35L70 35Q51 35Q53 35Q55)},
  MRNUMBER = {3618884},
}


		